<record><leader>00000cas a22000007a 4500</leader><controlfield tag="001">19980708</controlfield><controlfield tag="008">890707d19071910nduwr ne      0    0eng d</controlfield><datafield ind1=" " ind2=" " tag="010"><subfield code="a">sn 89074174 </subfield></datafield><datafield ind1=" " ind2=" " tag="040"><subfield code="a">NOP</subfield><subfield code="b">eng</subfield><subfield code="c">NOP</subfield><subfield code="d">OCLCQ</subfield></datafield><datafield ind1=" " ind2=" " tag="042"><subfield code="a">msc</subfield></datafield><datafield ind1="0" ind2="0" tag="245"><subfield code="a">Underwood miner.</subfield></datafield><datafield ind1=" " ind2=" " tag="260"><subfield code="a">Underwood, N.D. :</subfield><subfield code="b">E.A. Hull</subfield></datafield><datafield ind1=" " ind2=" " tag="300"><subfield code="a">3 v. :</subfield><subfield code="b">ill. ;</subfield><subfield code="c">50-59 cm.</subfield></datafield><datafield ind1=" " ind2=" " tag="310"><subfield code="a">Weekly</subfield></datafield><datafield ind1="0" ind2=" " tag="362"><subfield code="a">7th yr., no. 2 (Nov. 7, 1907)-v.9, no. 40 (July 28, 1910).</subfield></datafield><datafield ind1=" " ind2=" " tag="530"><subfield code="a">Available on microfilm from the State Historical Society of North Dakota.</subfield></datafield><datafield ind1=" " ind2=" " tag="752"><subfield code="a">United States</subfield><subfield code="b">North Dakota</subfield><subfield code="c">McLean</subfield><subfield code="d">Underwood.</subfield></datafield><datafield ind1="0" ind2="0" tag="780"><subfield code="t">McLean County miner and the Underwood leader</subfield><subfield code="w">(DLC)sn 89074173</subfield></datafield><datafield ind1="0" ind2="0" tag="785"><subfield code="t">Underwood journal</subfield><subfield code="w">(DLC)sn 89074175</subfield></datafield></record>